@misc{wikicp,
   author = "Wikipedia",
   title = "\href{http://en.wikipedia.org/w/index.php?title=Computer\%20programming\&oldid=995920506}{Computer programming} --- {W}ikipedia{,} The Free Encyclopedia",
   year = "2020",
 }

@misc{twobithistory,
   author = "Sinclair Target",
   title = "\href{https://twobithistory.org/2018/08/18/ada-lovelace-note-g.html}{What did Ada Lovelace's Program Actually Do?}",
   year = "2018",
}
 
@misc{colombia,
   author = "Frank da Cruz",
   title = "\href{http://www.columbia.edu/cu/computinghistory/hollerith.html}{Herman Hollerith}",
   year = "2020",
} 
